<?xml version="1.0" encoding="UTF-8"?><collection><record><leader>05292ntm a2200577 a 4500</leader><controlfield tag="001">006796341</controlfield><controlfield tag="003">MiAaHDL</controlfield><controlfield tag="005">20190719000000.0</controlfield><controlfield tag="006">m        d        </controlfield><controlfield tag="007">cr bn ---auaua</controlfield><controlfield tag="008">090521q17051756tu            00| ||ara d</controlfield><datafield tag="035" ind1=" " ind2=" "><subfield code="a">(MiU)006796341</subfield></datafield><datafield tag="035" ind1=" " ind2=" "><subfield code="a">sdr-miu006796341</subfield></datafield><datafield tag="040" ind1=" " ind2=" "><subfield code="a">MiU</subfield><subfield code="c">MiU</subfield><subfield code="e">amremm</subfield></datafield><datafield tag="043" ind1=" " ind2=" "><subfield code="a">n-us-mi</subfield></datafield><datafield tag="245" ind1="0" ind2="0"><subfield code="6">880-03</subfield><subfield code="a">[Calligraphic specimen,</subfield><subfield code="f">early to mid 18th century].</subfield></datafield><datafield tag="260" ind1=" " ind2=" "><subfield code="a">[Istanbul?,</subfield><subfield code="c">1705-1756].</subfield></datafield><datafield tag="300" ind1=" " ind2=" "><subfield code="a">6 panels :</subfield><subfield code="b">paper ;</subfield><subfield code="c">147 x 215 (79 x 149) mm.</subfield></datafield><datafield tag="500" ind1=" " ind2=" "><subfield code="a">Shelfmark: Ann Arbor, University of Michigan, Special Collections Library, Isl. Ms. 243</subfield></datafield><datafield tag="500" ind1=" " ind2=" "><subfield code="a">Origin: As appears in signature on each panel, executed by Eğrikapılı Mehmet Râsim Efendi known as İmamzade (d.1756), who acquired his icazet in 1705.</subfield></datafield><datafield tag="500" ind1=" " ind2=" "><subfield code="a">Former shelfmark: "545 T. D. M. [i.e. Tammaro De Marinis]" inscribed in pencil on upper board lining ; "39" in pencil on recto of opening panel.</subfield></datafield><datafield tag="500" ind1=" " ind2=" "><subfield code="a">Binding: Pasteboards covered in dark red leather ; Type III binding (without flap) ; board linings (doublures) and reverse of opening and closing panels in fine marbled paper (ebru in blue, red, pink, green, etc.) ; upper and lower covers carry gold-tooled borders ; panels edged and hinged together with red brown leather ; overall in fairly good condition ; repairs to spine and hinges in Japanese paper.</subfield></datafield><datafield tag="500" ind1=" " ind2=" "><subfield code="a">Support: Written area on well-burnished paper, pieced, set into an elaborate frame in several different laid papers (yellow-tinted, mint-tinted, pink-tinted, orange-tinted, and untinted, all gold-flecked and with colors of facing panels matching) and mounted.</subfield></datafield><datafield tag="500" ind1=" " ind2=" "><subfield code="a">Decoration: Illuminated rectangular pieces filled with vegetal decoration in shades of gold, pink, orange, etc. flank lower central written area on each panel ; written area and divisions within surrounded by frames of gold defined by bands of turquoise and white as well as black fillets ; illuminated floral accents in shades of pink, light green, red, gold, etc. set off text and frames.</subfield></datafield><datafield tag="500" ind1=" " ind2=" "><subfield code="a">Script: Exquisite specimen of Ottoman calligraphy ; opening large line of each panel in thuluth (sülüs), following lines naskh (nesih).</subfield></datafield><datafield tag="500" ind1=" " ind2=" "><subfield code="a">Layout: Written in roughly nine lines per page, a large line with eight following lines on the diagonal.</subfield></datafield><datafield tag="500" ind1=" " ind2=" "><subfield code="a">Collation: Six 'panels' (mounted leaves) edged and hinged together with brown leather ; opens vertically.</subfield></datafield><datafield tag="500" ind1=" " ind2=" "><subfield code="a">Colophon: Each panel signed "حرره الفقير محمد راسم," "حرره الفقير محمد راسم المعروف بامام," etc.</subfield></datafield><datafield tag="500" ind1=" " ind2=" "><subfield code="a">Explicit: "وفوقه عرش الرحمن ومنه تفجر انهار الجنة"</subfield></datafield><datafield tag="500" ind1=" " ind2=" "><subfield code="a">Incipit: ""بسم الله الرحمن الرحيم قال رسول الله صلى الله عليه وسلم ان المرأة تقبل في صورة شيطان قال النبي صلوات الله عليه وسلامه ان المسلم اذا انفق على اهله نفقة وهو يحتسبها كانت له صدقة ..."</subfield></datafield><datafield tag="500" ind1=" " ind2=" "><subfield code="a">Title supplied by cataloguer.</subfield></datafield><datafield tag="500" ind1=" " ind2=" "><subfield code="a">Ms. codex.</subfield></datafield><datafield tag="510" ind1="4" ind2=" "><subfield code="a">Serin, Muhittin. “Amerika Birleşik Devletleri’ndeki Bazı Kütüphanelerde Bulunan İslam El Yazma Eserleri ve Michigan Üniversitesi II. Abdülhamid Koleksiyonu,” Akademik Araştırmalar Dergisi 2, 4-5, (2000).</subfield></datafield><datafield tag="510" ind1="4" ind2=" "><subfield code="a">Derman, M. Uğur. Letters in gold : Ottoman calligraphy from the Sakıp Sabancı collection, Istanbul. (New York : Metropolitian Museum of Art : Distributed by H.N. Abrams, c1998),</subfield><subfield code="c">78 ; 82.</subfield></datafield><datafield tag="510" ind1="4" ind2=" "><subfield code="a">Zakariya, Mohamed. "Islamic calligraphy: A technical overview." In Brocade of the pen: the art of Islamic writing. Carol Garrett Fisher, ed. (East Lansing, MI: Kresge Art Museum, Michigan State University, 1991):</subfield><subfield code="c">1-17</subfield></datafield><datafield tag="510" ind1="4" ind2=" "><subfield code="a">Brocade of the pen : the art of Islamic writing. Carol Garrett Fisher, ed. (East Lansing, MI: Kresge Art Museum, Michigan State University, 1991),</subfield><subfield code="c">no.5, p.83</subfield></datafield><datafield tag="520" ind1="8" ind2=" "><subfield code="a">Exquisite album of calligraphy (muraqqaʻ or murakkaa) comprising kıt'alar employing ḥadīth of the Prophet executed by the celebrated Ottoman calligrapher Eğrikapılı Mehmet Râsim Efendi (d.1756), renowned student of Seyyid Abdullah of Yedikule (d.1731).</subfield></datafield><datafield tag="538" ind1=" " ind2=" "><subfield code="a">Mode of access: Internet.</subfield></datafield><datafield tag="541" ind1=" " ind2=" "><subfield code="c">Purchase ;</subfield><subfield code="a">Acquired by purchase (funds donated by Horace Rackham).</subfield><subfield code="d">1924.</subfield></datafield><datafield tag="546" ind1=" " ind2=" "><subfield code="a">Arabic.</subfield></datafield><datafield tag="561" ind1=" " ind2=" "><subfield code="a">Inscriptions in pencil "545 T. D. M. [i.e. Tammaro De Marinis]" on upper board lining and "39" on recto of opening panel ; clean copy.</subfield></datafield><datafield tag="650" ind1=" " ind2="0"><subfield code="a">Manuscripts, Arabic</subfield><subfield code="z">Michigan</subfield><subfield code="z">Ann Arbor.</subfield></datafield><datafield tag="650" ind1=" " ind2="0"><subfield code="a">Islamic calligraphy</subfield><subfield code="v">Specimens.</subfield></datafield><datafield tag="650" ind1=" " ind2="0"><subfield code="a">Writing, Arabic</subfield><subfield code="v">Specimens.</subfield></datafield><datafield tag="650" ind1=" " ind2="0"><subfield code="a">Calligraphy, Arabic</subfield><subfield code="v">Specimens.</subfield></datafield><datafield tag="650" ind1=" " ind2="0"><subfield code="a">Calligraphy, Ottoman</subfield><subfield code="v">Specimens.</subfield></datafield><datafield tag="700" ind1="0" ind2=" "><subfield code="a">Abdülhamid</subfield><subfield code="b">II,</subfield><subfield code="c">Sultan of the Turks,</subfield><subfield code="d">1842-1918,</subfield><subfield code="e">former owner.</subfield></datafield><datafield tag="700" ind1="0" ind2=" "><subfield code="6">880-01</subfield><subfield code="a">Eğrikapılı Mehmet Râsim Efendi,</subfield><subfield code="d">d.1756,</subfield><subfield code="e">calligrapher.</subfield></datafield><datafield tag="773" ind1="0" ind2=" "><subfield code="a">Abdul Hamid Collection.</subfield></datafield><datafield tag="880" ind1="0" ind2=" "><subfield code="6">700-01/</subfield><subfield code="a">اكرى قابيلى محمد راسم افندى،</subfield><subfield code="e">خطاط.</subfield></datafield><datafield tag="880" ind1="0" ind2="0"><subfield code="6">245-03/</subfield><subfield code="a">[مرقع حسن الخط,</subfield><subfield code="f">اوائل الى اواسط القرن 18م].</subfield></datafield><datafield tag="CID" ind1=" " ind2=" "><subfield code="a">006796341</subfield></datafield><datafield tag="DAT" ind1="0" ind2=" "><subfield code="a">20190719102636.0</subfield><subfield code="b">20190719000000.0</subfield></datafield><datafield tag="DAT" ind1="1" ind2=" "><subfield code="a">20190719090653.0</subfield><subfield code="b">2019-07-19T16:11:18Z</subfield></datafield><datafield tag="DAT" ind1="2" ind2=" "><subfield code="a">2015-10-10T18:00:06Z</subfield></datafield><datafield tag="CAT" ind1=" " ind2=" "><subfield code="a">SDR-MIU</subfield><subfield code="d">EX LIBRIS - ALEPH</subfield><subfield code="l">prepare.pl-004-008</subfield></datafield><datafield tag="FMT" ind1=" " ind2=" "><subfield code="a">BK</subfield></datafield><datafield tag="HOL" ind1=" " ind2=" "><subfield code="0">sdr-miu006796341</subfield><subfield code="a">MiU</subfield><subfield code="b">SDR</subfield><subfield code="c">MIU</subfield><subfield code="p">mdp.39015088423028</subfield><subfield code="s">MIU</subfield><subfield code="1">006796341</subfield></datafield><datafield tag="974" ind1=" " ind2=" "><subfield code="b">MIU</subfield><subfield code="c">MIU</subfield><subfield code="d">20190719</subfield><subfield code="s">lit-dlps-dc</subfield><subfield code="u">mdp.39015088423028</subfield><subfield code="y">1756</subfield><subfield code="r">pd</subfield><subfield code="q">bib</subfield><subfield code="t">non-US bib date2 &lt; 1879</subfield></datafield></record></collection>